<record><leader>00000cas a2200000 a 4500</leader><controlfield tag="001">10269999</controlfield><controlfield tag="008">840106d18551909pauwr ne      0    0eng c</controlfield><datafield ind1=" " ind2=" " tag="010"><subfield code="a">sn 84026027 </subfield></datafield><datafield ind1=" " ind2=" " tag="040"><subfield code="a">NPU</subfield><subfield code="b">eng</subfield><subfield code="c">NPU</subfield><subfield code="d">NPY</subfield><subfield code="d">OCL</subfield><subfield code="d">NPX</subfield><subfield code="d">NPH</subfield><subfield code="d">CVF</subfield><subfield code="d">OCLCQ</subfield><subfield code="d">OCLCO</subfield><subfield code="d">OCLCF</subfield></datafield><datafield ind1=" " ind2=" " tag="042"><subfield code="a">pcc</subfield></datafield><datafield ind1=" " ind2=" " tag="043"><subfield code="a">n-us-pa</subfield></datafield><datafield ind1="0" ind2=" " tag="130"><subfield code="a">Crawford journal (Meadville, Pa. : 1855)</subfield></datafield><datafield ind1="1" ind2="4" tag="245"><subfield code="a">The Crawford journal.</subfield></datafield><datafield ind1="3" ind2="0" tag="246"><subfield code="a">Crawford journal and gazette</subfield></datafield><datafield ind1="1" ind2="7" tag="246"><subfield code="a">Crawford journal-gazette</subfield><subfield code="f">Feb. 7, 1907-Apr. 18, 1907</subfield></datafield><datafield ind1=" " ind2=" " tag="260"><subfield code="a">Meadville, Pa. :</subfield><subfield code="b">J.C. Hays,</subfield><subfield code="c">1855-1909.</subfield></datafield><datafield ind1=" " ind2=" " tag="300"><subfield code="a">v. ;</subfield><subfield code="c">66-69 cm.</subfield></datafield><datafield ind1=" " ind2=" " tag="310"><subfield code="a">Weekly</subfield></datafield><datafield ind1="0" ind2=" " tag="362"><subfield code="a">Vol. 8, no. 23 (June 26, 1855)-v. 62, no. 15 (Apr. 15, 1909).</subfield></datafield><datafield ind1=" " ind2=" " tag="500"><subfield code="a">Title varies: Crawford journal and gazette, &lt;Feb. 7-Apr. 11, 1907&gt;.</subfield></datafield><datafield ind1=" " ind2=" " tag="515"><subfield code="a">No paper issued Jan. 1, 1856.</subfield></datafield><datafield ind1=" " ind2="0" tag="651"><subfield code="a">Meadville (Crawford County, Pa.)</subfield><subfield code="v">Newspapers.</subfield></datafield><datafield ind1=" " ind2="7" tag="655"><subfield code="a">Newspapers.</subfield><subfield code="2">fast</subfield><subfield code="0">(OCoLC)fst01423814</subfield></datafield><datafield ind1=" " ind2="7" tag="651"><subfield code="a">Pennsylvania</subfield><subfield code="z">Meadville (Crawford County)</subfield><subfield code="2">fast</subfield><subfield code="0">(OCoLC)fst01775215</subfield></datafield><datafield ind1=" " ind2=" " tag="752"><subfield code="a">United States</subfield><subfield code="b">Pennsylvania</subfield><subfield code="c">Crawford</subfield><subfield code="d">Meadville.</subfield></datafield><datafield ind1="0" ind2="0" tag="780"><subfield code="t">Crawford Whig journal</subfield><subfield code="w">(DLC)sn 84026026</subfield></datafield><datafield ind1="0" ind2="4" tag="780"><subfield code="t">Meadville gazette (Meadville, Pa. : 1890)</subfield><subfield code="w">(DLC)sn 87078401</subfield></datafield><datafield ind1="0" ind2="7" tag="785"><subfield code="t">Weekly tribune-Republican (Meadville, Pa.)</subfield><subfield code="w">(DLC)sn 88079395</subfield></datafield><datafield ind1="0" ind2="7" tag="785"><subfield code="t">Weekly tribune-Republican and the Crawford journal</subfield><subfield code="w">(DLC)sn 88079396</subfield></datafield></record>